@misc{mcs-link,
  author = {Microsoft Corporation},
  title = {{Microsoft Cognitive Services}},
  howpublished = "\url{https://www.microsoft.com/cognitive-services/en-us/apisg}",
  year = {2016 (accessed March 22, 2017)}
}